2934 5040
200 281 278 374 -178
564 295 612 355 M.
642 293 783 355 Τυιιι
804 292 1052 356 σιειιοινιε
1305 286 1411 376 [1117

202 478 360 543 uidentur
380 473 535 553 solemus,
557 495 624 539 non
648 495 825 558 possumus
854 474 934 558 quin
960 472 1017 538 alii
1041 493 1062 539 a
1088 471 1184 538 nobis
1214 470 1414 537 dissentiant

202 600 373 645 recusare:
393 599 598 663 quamquam
615 588 728 643 nostra
744 577 880 661 quidem
896 598 1014 642 caussa
1025 576 1130 642 facilis
1145 585 1206 656 est,
1222 577 1280 659 qui
1296 596 1413 641 uerum

201 684 349 748 inuenire
369 685 440 747 sine
461 683 529 746 ulla
546 683 761 746 contentione
783 681 946 760 uolumus,
964 681 1066 763 idque
1088 701 1221 745 summa
1243 701 1322 746 cura
1343 688 1417 744 stu-

202 788 325 870 dioque
347 786 581 868 conquirimus.
626 785 701 848 Etsi
724 786 812 848 enim
837 784 945 848 omnis
969 785 1116 868 cognitio
1143 783 1256 848 multis
1279 791 1331 848 est
1352 783 1415 848 ob·

202 899 329 955 structa
346 888 597 953 difficultatibus
619 909 724 971 eaque
740 897 790 952 est
806 898 840 952 et
856 888 888 951 in
905 889 985 971 ipsis
1008 889 1106 954 rebus
1121 889 1306 954 obscuritas
1326 896 1360 953 et
1378 888 1413 953 in
1427 898 1445 959 5

203 994 331 1058 iudiciis
346 993 466 1057 nostris
483 992 666 1066 infirmitas
684 1002 721 1055 ut
736 1012 803 1054 non
821 991 893 1055 sine
912 1012 1030 1055 caussa
1046 992 1268 1075 antiquissimi
1283 999 1318 1056 et
1333 992 1413 1056 doc·

202 1100 320 1163 tissimi
348 1097 494 1163 inuenire
516 1117 552 1159 se
574 1117 673 1180 posse
697 1095 787 1178 quod
812 1105 971 1178 cuperent
995 1095 1092 1159 diffisi
1116 1096 1192 1172 sint,
1214 1104 1329 1160 tamen
1351 1114 1415 1158 nec

202 1204 250 1267 illi
266 1203 458 1269 deiecerunt
478 1221 585 1284 neque
604 1221 665 1264 nos
685 1200 833 1264 studium
849 1201 1045 1283 exquirendi
1061 1199 1236 1284 defetigati
1251 1199 1417 1283 relinque·

203 1329 286 1383 mus,
302 1327 410 1389 neque
433 1315 565 1370 nostrae
587 1306 831 1388 disputationes
855 1305 1034 1387 quicquam
1055 1303 1146 1369 aliud
1167 1313 1272 1387 agunt
1292 1304 1355 1368 nisi
1377 1311 1415 1368 ut

202 1409 236 1473 in
268 1418 442 1493 utramque
467 1419 597 1493 partem
627 1409 770 1473 dicendo
796 1408 931 1472 eliciant
956 1419 990 1473 et
1015 1418 1190 1491 tamquam
1220 1407 1416 1492 exprimant
1431 1424 1461 1463 1c

203 1514 339 1596 aliquid,
360 1514 450 1595 quod
473 1522 531 1577 aut
554 1534 668 1576 uerum
692 1513 736 1576 sit
758 1520 817 1577 aut
841 1512 885 1577 ad
909 1512 941 1576 id
965 1533 1066 1595 quam
1090 1512 1243 1596 proxime
1265 1513 1415 1578 accedat

167 1616 189 1687 8
204 1618 277 1682 Nec
292 1618 378 1680 inter
398 1637 459 1680 nos
480 1625 514 1680 et
529 1638 594 1692 eos,
611 1617 720 1699 quise
740 1616 824 1681 scire
843 1616 1053 1694 arbitrantur,
1068 1616 1247 1700 quicquam
1267 1615 1416 1694 interest,

252 1779 267 1816 a
284 1766 375 1815 facilis:
394 1766 467 1815 codd.
477 1767 602 1832 plerique;
612 1767 718 1832 facilior
729 1767 827 1831 Cantqt
840 1767 913 1816 Harl.
926 1775 950 1816 et
963 1767 987 1815 V
999 1767 1025 1816 iu
1036 1783 1114 1832 marg.
1182 1788 1198 1831 4
1214 1766 1357 1818 obstructa:
1374 1766 1411 1817 ob

201 1847 287 1898 stricta
296 1848 337 1896 uel
345 1848 464 1898 obstructa
472 1850 547 1899 Cant.
597 1849 613 1900 6
629 1849 808 1916 antiquissimi:
825 1855 848 1898 ct
857 1865 881 1898 a.
893 1849 968 1898 codd.
982 1862 995 1912 5
1008 1850 1113 1900 Dauisii.
1169 1862 1198 1899 ro
1214 1849 1333 1900 diceudo:
1351 1849 1377 1899 d.
1390 1855 1415 1898 et

201 1981 350 2044 ἐπιχείρησις
362 1982 482 2045 (Numen.
494 1998 535 2046 ap.
545 1982 637 2032 Euseb.
652 1997 690 2043 14,
701 1995 723 2043 7,
738 1995 780 2045 153
830 1979 914 2029 clause
935 1996 974 2029 we
991 1980 1055 2029 have
1074 1996 1090 2030 a
1107 1988 1207 2045 present
1225 1987 1268 2042 est,
1291 1981 1375 2032 which
1392 1982 1414 2032 ts

201 2046 233 2095 ci.
258 2047 312 2096 also
334 2049 541 2111 ἐπαμφοτερίζειν,
567 2048 657 2097 Galen.
677 2047 744 2097 Plac
766 2065 781 2109 4
830 2045 946 2094 however
963 2045 1104 2110 equivalent
1116 2055 1142 2095 to
1153 2054 1188 2096 ert
1198 2053 1223 2096 et
1231 2047 1294 2110 fuit,
1308 2063 1337 2098 as
1354 2047 1414 2104 Lie-

201 2113 216 2171 ἦ
227 2110 283 2175 365,
293 2112 332 2161 ed.
341 2113 442 2173 ilitillerl
451 2129 478 2162 or
493 2115 530 2161 ‘iu
542 2120 672 2177 utramque
684 2119 781 2176 partem
832 2126 879 2159 ven
891 2110 1004 2175 explains
1015 2111 1034 2159 it
1046 2112 1082 2175 (p.
1095 2108 1145 2175 ⁴9)-

201 2177 349 2240 disputatio’
378 2179 476 2238 (above,
499 2194 519 2236 1,
540 2178 585 2240 46;
605 2179 645 2227 De
668 2177 724 2227 Fat.
752 2190 781 2233 ις
864 2179 1047 2234 auuqmrstmt
1072 2180 1101 2225 st
1124 2179 1286 2226 doctissima
1309 2192 1344 2228 on
1369 2177 1414 2228 the

202 2241 278 2292 Tusc.
292 2259 315 2297 a,
327 2257 356 2308 9;
369 2243 403 2292 N.
415 2244 447 2292 D.
463 2259 486 2302 a,
503 2241 548 2293 168
557 2262 565 2302 ;
581 2243 674 2293 DeOr.
691 2258 713 2306 3,
725 2244 781 2304 ¹07)
831 2241 904 2290 other
924 2242 993 2291 hand
1015 2242 1198 2292 ‘recentissima
1218 2257 1333 2308 quaeque
1354 2251 1414 2294 mot

203 2306 224 2356 is
240 2308 383 2357 sometimes
401 2310 483 2357 traced
496 2309 529 2371 by
541 2309 594 2357 Cic.
603 2309 668 2357 back
681 2317 707 2357 to
724 2307 782 2355 Ari·
831 2314 941 2355 correcta
952 2314 976 2355 et
988 2307 1122 2356 emendata
1132 2307 1254 2357 maxime'
1265 2310 1299 2368 (r,
1314 2308 1364 2372 13).

202 2372 783 2436 stotle,PintoandSocrates‚butoccasionally
864 2385 888 2446 9.
923 2374 1120 2430 disputationes
1146 2377 1254 2431 nunt:
1287 2373 1410 2438 Niigelsb.

202 2437 264 2486 with
280 2453 349 2487 more
365 2438 433 2486 truth
450 2448 477 2487 to
494 2438 536 2487 the
555 2438 704 2502 Megarians,
724 2439 783 2487 who
834 2436 890 2487 Sul.
932 2472 939 2484 .
959 2453 1016 2500 432,
1039 2437 1080 2487 ed.
1103 2436 1181 2487 dhas
1203 2452 1273 2487 some
1289 2439 1415 2489 excedent

202 2517 267 2550 were
288 2503 330 2551 the
352 2512 423 2566 great
434 2503 578 2553 cultivators
592 2503 622 2552 oi
635 2501 783 2563 ἀντιλογικοὶ
833 2517 913 2550 remar
963 2517 997 2550 on
1014 2502 1058 2551 the
1076 2501 1139 2552 kind
1161 2502 1190 2552 oi
1208 2503 1414 2566 persouification

201 2567 272 2628 loyor
284 2568 375 2626 (Plato,
391 2567 583 2643 Phaedopou).
606 2568 637 2617 In
650 2568 705 2617 Fin.
719 2584 743 2631 5,
754 2583 783 2617 ιο
832 2566 914 2616 which
937 2568 1012 2617 anses
1034 2567 1061 2617 in
1083 2567 1126 2617 the
1147 2567 1269 2619 scientific
1295 2571 1360 2635 style
1386 2568 1417 2620 oi

202 2631 246 2680 the
262 2647 305 2680 use
322 2632 395 2681 made
412 2633 446 2696 by
462 2633 583 2682 Anstotle
602 2634 652 2682 and
673 2633 717 2682 the
739 2649 783 2682 use
831 2632 951 2696 writings.

201 2696 277 2746 made
297 2697 330 2761 by
346 2697 471 2746 Arcesilas
489 2697 518 2747 oi
532 2698 574 2747 the
592 2698 632 2747 ‘in
650 2706 782 2764 utramque
868 2711 906 2747 ιο.
939 2699 1064 2747 diceudo:
1087 2697 1230 2762 something
1242 2698 1344 2764 maybe
1357 2699 1415 2751 said

201 2769 298 2827 partem
310 2761 445 2826 disputatio
456 2761 462 2783 ’
472 2778 515 2811 are
525 2763 674 2813 contrasted.
832 2761 859 2810 in
875 2761 963 2812 favour
978 2762 1008 2812 oi
1022 2763 1065 2813 the
1080 2763 1164 2814 words
1179 2770 1204 2814 es
1217 2764 1351 2815 audr'tndo:
1368 2779 1414 2816 see

235 2829 322 2876 dicore
334 2840 403 2885 quito
413 2831 554 2878 uidentur:
571 2828 603 2879 ci.
616 2829 672 2877 liin.
686 2843 708 2886 ι,
724 2842 736 2877 ι
749 2828 781 2877 ad
833 2827 972 2891 Wopkens,
986 2844 1012 2893 p.
1025 2844 1065 2892 34.

202 2906 241 2950 ea,
256 2893 276 2941 si
293 2893 354 2957 quid
370 2894 504 2949 uideretur.
517 2893 618 2944 diceret.
654 2893 725 2942 With
739 2894 782 2943 the
865 2895 988 2942 maana:
1004 2893 1108 2943 usedin
1122 2909 1150 2944 re
1164 2893 1250 2957 sintii,
1263 2893 1305 2947 De
1322 2892 1370 2946 Or.
1389 2909 1412 2956 ι,

201 2957 288 3007 readin
316 2958 362 3022 qui
371 2959 431 3008 scire
445 2959 565 3008 uitentur
575 2975 613 3009 we
624 2958 705 3023 might
716 2974 782 3008 com·
837 2958 894 3020 158;
912 2957 947 3005 ib.
960 2974 982 3021 3,
999 2969 1044 3023 793
1063 2959 1119 3010 Fin.
1132 2974 1155 3015 1,
1168 2975 1192 3009 a.
1404 3010 1407 3015 ,

202 3038 263 3086 pare
283 2973 371 3074 tiaras.
394 3038 426 3087 40
445 3024 592 3091 omnesqui
608 3024 704 3090 aliquid
720 3024 783 3073 seire
865 3026 1031 3078 exprimam:
1050 3024 1153 3073 ‘embod
1175 3022 1194 3082 ’ς
1212 3022 1243 3074 ci
1257 3025 1411 3090 11011577.

202 3089 326 3138 uidentur.
869 3103 907 3137 ιι.
934 3091 1018 3137 adid:
1030 3104 1099 3139 some
1110 3090 1142 3138 ed
1161 3089 1242 3139 .omit
1257 3088 1309 3150 ad;
1324 3091 1371 3142 but
1386 3091 1413 3141 iu

236 3167 259 3201 a.
282 3166 377 3205 caussa
387 3157 488 3205 mollis:
501 3153 630 3206 aiorensic
639 3153 783 3221 expression
833 3153 893 3216 only
904 3168 952 3202 one
967 3169 1072 3219 passage
1087 3154 1149 3204 does
1165 3154 1219 3204 Cic.
1235 3156 1297 3206 omit
1314 3155 1335 3206 it
1349 3156 1414 3213 with

203 3218 230 3267 in
242 3219 326 3270 Plane.
340 3236 369 3282 53
386 3221 457 3271 Verr.
470 3236 493 3284 5,
511 3221 556 3271 126
567 3221 617 3270 and
633 3235 676 3284 ¹73
689 3222 728 3280 (so
740 3228 783 3269 too
833 3219 953 3279 accedere;
975 3219 1021 3268 i.e.
1041 3219 1096 3269 Mil.
1115 3232 1147 3285 59
1162 3219 1277 3285 proxime
1292 3221 1355 3272 deos
1370 3237 1413 3272 ac·

201 3301 288 3333 caussa
304 3286 426 3350 explicata
442 3287 468 3335 in
480 3287 554 3335 Tusc.
569 3299 590 3348 5,
606 3284 646 3346 85)
662 3296 689 3335 to
701 3285 784 3334 which
833 3283 916 3332 cessit.
950 3283 991 3333 Ci.
1003 3285 1016 3344 5
1028 3282 1093 3348 36n.
1223 3339 1227 3345 ,

235 3491 331 3528 uorum
346 3482 480 3529 inuenire:
497 3479 529 3529 ci.
547 3481 560 3539 5
577 3479 610 3530 όο
623 3479 782 3530 ueriinueni·
832 3479 896 3527 scire
933 3478 1032 3544 impiies
1066 3479 1189 3540 absolute,
1226 3481 1416 3532 indestnrctibie

202 3543 262 3593 endi
274 3559 368 3592 caussa
832 3542 991 3607 knowledge.
1025 3544 1057 3594 In
1071 3545 1148 3594 Tusc.
1163 3561 1183 3606 1,
1197 3544 1231 3596 6ο
1247 3545 1302 3596 Cic.
1314 3562 1373 3612 says
1388 3547 1419 3598 oi

238 3621 261 3669 3.
295 3612 783 3673 unauncommuonezn.on1,44.
832 3608 936 3658 himself
954 3624 982 3658 as
1003 3609 1116 3674 opposed
1138 3617 1165 3660 to
1187 3610 1230 3660 the
1253 3611 1410 3676 dogmatists,

204 3672 538 3733 Contentio=orlovrtrta=
544 3674 681 3738 pertinacia
698 3675 724 3724 in
744 3678 784 3737 15
836 3675 893 3723 ‘nec
911 3674 996 3738 pudet,
1015 3683 1042 3724 ut
1057 3675 1126 3735 istos,
1143 3675 1214 3725 fateri
1232 3677 1326 3726 nescire
1343 3678 1413 3743 quod

203 3758 245 3802 44.
279 3739 350 3787 With
362 3739 404 3788 the
416 3739 498 3788 whole
513 3747 613 3788 context
625 3739 656 3788 ci.
670 3740 745 3789 Tusc
758 3761 784 3803 4,
833 3737 962 3791 nesciam'.

206 3803 635 3872 7deiendatquodquisqueseutit5
652 3806 784 3855 suntenim
867 3819 905 3867 14.
937 3807 1099 3865 probabilia:
1118 3801 1215 3869 sadud
1228 3804 1415 3860 foraticum

203 3868 297 3919 iudicia
307 3869 385 3919 libera
397 3878 444 3920 etc.
833 3869 897 3932 533.

237 3954 260 3997 4.
294 3939 490 3994 conquirimus:
507 3936 583 3985 Tusc.
600 3955 624 3998 4.
644 3946 657 3997 7
674 3935 736 4000 quid
752 3935 784 3985 sit
866 3937 955 3993 moui:
982 3935 1034 3985 ‘act
1056 3933 1150 4000 upon’;
1173 3951 1215 3987 see
1234 3936 1261 3999 ti
1283 3950 1414 4003 99-1013

204 3998 231 4047 in
247 4015 345 4065 quaque
363 4017 389 4052 re
405 4001 515 4051 maxime
530 4000 661 4066 probabile
677 4001 783 4066 require·
833 4000 882 4048 and
894 3999 926 4049 cl.
939 4000 987 4060 (sor
998 4000 1042 4049 the
1053 4000 1207 4066 expression)
1218 4002 1232 4061 ἕ
1244 4014 1276 4063 70
1285 4018 1313 4052 n.

204 4079 268 4113 mus.
870 4076 907 4125 15.
943 4068 1081 4115 liberiores
1096 4070 1125 4115 st
1141 4069 1294 4118 manaan:
1313 4066 1354 4117 feu
1371 4067 1415 4119 ihc

239 4143 261 4192 5.
297 4132 422 4180 iurobus
439 4134 600 4181 obscuritas:
617 4131 785 4195 above,1,44
834 4130 916 4180 words
927 4146 968 4180 see
979 4133 1075 4191 mont
1090 4143 1150 4193 1055
1170 4131 1290 4182 astcthe
1305 4132 1415 4199 thought

204 4211 286 4244 rerum
299 4196 462 4252 obscuritate;
481 4196 538 4245 Fiu.
552 4212 574 4255 1,
592 4211 629 4259 15.
836 4195 868 4245 ci.
880 4197 894 4256 ἕ
908 4212 954 4246 rao
965 4195 1052 4261 quanti
1069 4196 1171 4246 libertas
1182 4205 1220 4248 act
1230 4205 1294 4260 eto-5
1311 4197 1375 4264 Leg.
1391 4215 1415 4259 ι,

237 4264 267 4309 in
277 4263 383 4310 iudiciis
394 4265 550 4312 insumitur:
570 4278 591 4324 1,
604 4279 635 4324 44
646 4261 785 4313 imbecillos
834 4260 865 4324 36
878 4270 920 4310 tua
931 4262 1032 4311 libertas
1044 4261 1190 4311 disserendi.

204 4326 309 4376 animos.
870 4325 906 4376 16.
924 4339 973 4378 noo
983 4329 1191 4377 stammana
1202 4325 1415 4381 withthiswhote

237 4390 260 4444 6.
296 4394 329 4442 ut
351 4394 430 4443 utum
451 4394 521 4445 siut:
549 4392 575 4443 iu
597 4391 640 4443 the
662 4392 785 4460 principal
833 4407 945 4457 passage,
961 4391 1045 4442 which
1060 4391 1210 4459 excellentiy
1225 4407 1354 4460 “pressos
1369 4393 1415 4447 the
